
% ================================================
% 論文
% ================================================

@article{ref_tex,
	title={タイトル},
	author={著者},
	journal={雑誌名},
	volume={vol},
	number={no},
	pages={1-5},
	year={2019},
}

% ================================================
% 本
% ================================================

@book{book_tex,
    author = {著者},
    title = {タイトル},
    publisher = {出版社},
    year = {2019},
}

% ================================================
% URL
% ================================================

@Misc{url_tex_url,
	author = {よかひよかとき},
	title = {LaTeX - コマンド一覧},
	note = "\url{http://www1.kiy.jp/~yoka/LaTeX/latex.html
	}(2017/7/19参照)",
}

